%YAML 1.1
%TAG !u! tag:unity3d.com,2011:
--- !u!29 &1
SceneSettings:
  m_ObjectHideFlags: 0
  m_PVSData: 
  m_PVSObjectsArray: []
  m_PVSPortalsArray: []
  m_OcclusionBakeSettings:
    smallestOccluder: 5
    smallestHole: 0.25
    backfaceThreshold: 100
--- !u!104 &2
RenderSettings:
  m_ObjectHideFlags: 0
  serializedVersion: 6
  m_Fog: 0
  m_FogColor: {r: 0.5, g: 0.5, b: 0.5, a: 1}
  m_FogMode: 3
  m_FogDensity: 0.01
  m_LinearFogStart: 0
  m_LinearFogEnd: 300
  m_AmbientSkyColor: {r: 0.212, g: 0.227, b: 0.259, a: 1}
  m_AmbientEquatorColor: {r: 0.114, g: 0.125, b: 0.133, a: 1}
  m_AmbientGroundColor: {r: 0.047, g: 0.043, b: 0.035, a: 1}
  m_AmbientIntensity: 1
  m_AmbientMode: 3
  m_SkyboxMaterial: {fileID: 0}
  m_HaloStrength: 0.5
  m_FlareStrength: 1
  m_FlareFadeSpeed: 3
  m_HaloTexture: {fileID: 0}
  m_SpotCookie: {fileID: 10001, guid: 0000000000000000e000000000000000, type: 0}
  m_DefaultReflectionMode: 0
  m_DefaultReflectionResolution: 128
  m_ReflectionBounces: 1
  m_ReflectionIntensity: 1
  m_CustomReflection: {fileID: 0}
  m_Sun: {fileID: 0}
--- !u!157 &3
LightmapSettings:
  m_ObjectHideFlags: 0
  serializedVersion: 6
  m_GIWorkflowMode: 1
  m_LightmapsMode: 1
  m_GISettings:
    serializedVersion: 2
    m_BounceScale: 1
    m_IndirectOutputScale: 1
    m_AlbedoBoost: 1
    m_TemporalCoherenceThreshold: 1
    m_EnvironmentLightingMode: 0
    m_EnableBakedLightmaps: 0
    m_EnableRealtimeLightmaps: 0
  m_LightmapEditorSettings:
    serializedVersion: 3
    m_Resolution: 2
    m_BakeResolution: 40
    m_TextureWidth: 1024
    m_TextureHeight: 1024
    m_AOMaxDistance: 1
    m_Padding: 2
    m_CompAOExponent: 0
    m_LightmapParameters: {fileID: 0}
    m_TextureCompression: 1
    m_FinalGather: 0
    m_FinalGatherRayCount: 1024
    m_ReflectionCompression: 2
  m_LightingDataAsset: {fileID: 0}
  m_RuntimeCPUUsage: 25
--- !u!196 &4
NavMeshSettings:
  serializedVersion: 2
  m_ObjectHideFlags: 0
  m_BuildSettings:
    serializedVersion: 2
    agentRadius: 0.5
    agentHeight: 2
    agentSlope: 45
    agentClimb: 0.4
    ledgeDropHeight: 0
    maxJumpAcrossDistance: 0
    accuratePlacement: 0
    minRegionArea: 2
    cellSize: 0.16666667
    manualCellSize: 0
  m_NavMeshData: {fileID: 0}
--- !u!114 &439486051 stripped
MonoBehaviour:
  m_PrefabParentObject: {fileID: 11450526, guid: 843c50a6765a275409dafc41a5971fa5,
    type: 2}
  m_PrefabInternal: {fileID: 1700205219}
  m_Script: {fileID: 11500000, guid: f16ff045bf2795040bd95d6562443564, type: 3}
--- !u!1 &488365875 stripped
GameObject:
  m_PrefabParentObject: {fileID: 139714, guid: 9e17828a1f854fe428e4033ac6404a3f, type: 2}
  m_PrefabInternal: {fileID: 1934847381}
--- !u!82 &488365877
AudioSource:
  m_ObjectHideFlags: 0
  m_PrefabParentObject: {fileID: 0}
  m_PrefabInternal: {fileID: 0}
  m_GameObject: {fileID: 488365875}
  m_Enabled: 1
  serializedVersion: 4
  OutputAudioMixerGroup: {fileID: 0}
  m_audioClip: {fileID: 8300000, guid: 39d2d448d2f88744b90a7cdb1a74c95b, type: 3}
  m_PlayOnAwake: 0
  m_Volume: 1
  m_Pitch: 1
  Loop: 0
  Mute: 0
  Spatialize: 0
  Priority: 128
  DopplerLevel: 1
  MinDistance: 1
  MaxDistance: 500
  Pan2D: 0
  rolloffMode: 0
  BypassEffects: 0
  BypassListenerEffects: 0
  BypassReverbZones: 0
  rolloffCustomCurve:
    serializedVersion: 2
    m_Curve:
    - time: 0
      value: 1
      inSlope: 0
      outSlope: 0
      tangentMode: 0
    - time: 1
      value: 0
      inSlope: 0
      outSlope: 0
      tangentMode: 0
    m_PreInfinity: 2
    m_PostInfinity: 2
    m_RotationOrder: 4
  panLevelCustomCurve:
    serializedVersion: 2
    m_Curve:
    - time: 0
      value: 0
      inSlope: 0
      outSlope: 0
      tangentMode: 0
    m_PreInfinity: 2
    m_PostInfinity: 2
    m_RotationOrder: 0
  spreadCustomCurve:
    serializedVersion: 2
    m_Curve:
    - time: 0
      value: 0
      inSlope: 0
      outSlope: 0
      tangentMode: 0
    m_PreInfinity: 2
    m_PostInfinity: 2
    m_RotationOrder: 4
  reverbZoneMixCustomCurve:
    serializedVersion: 2
    m_Curve:
    - time: 0
      value: 1
      inSlope: 0
      outSlope: 0
      tangentMode: 0
    m_PreInfinity: 2
    m_PostInfinity: 2
    m_RotationOrder: 0
--- !u!1 &994586293 stripped
GameObject:
  m_PrefabParentObject: {fileID: 143628, guid: 9e17828a1f854fe428e4033ac6404a3f, type: 2}
  m_PrefabInternal: {fileID: 1934847381}
--- !u!82 &994586295
AudioSource:
  m_ObjectHideFlags: 0
  m_PrefabParentObject: {fileID: 0}
  m_PrefabInternal: {fileID: 0}
  m_GameObject: {fileID: 994586293}
  m_Enabled: 1
  serializedVersion: 4
  OutputAudioMixerGroup: {fileID: 0}
  m_audioClip: {fileID: 8300000, guid: 39d2d448d2f88744b90a7cdb1a74c95b, type: 3}
  m_PlayOnAwake: 0
  m_Volume: 1
  m_Pitch: 1
  Loop: 0
  Mute: 0
  Spatialize: 0
  Priority: 128
  DopplerLevel: 1
  MinDistance: 1
  MaxDistance: 500
  Pan2D: 0
  rolloffMode: 0
  BypassEffects: 0
  BypassListenerEffects: 0
  BypassReverbZones: 0
  rolloffCustomCurve:
    serializedVersion: 2
    m_Curve:
    - time: 0
      value: 1
      inSlope: 0
      outSlope: 0
      tangentMode: 0
    - time: 1
      value: 0
      inSlope: 0
      outSlope: 0
      tangentMode: 0
    m_PreInfinity: 2
    m_PostInfinity: 2
    m_RotationOrder: 4
  panLevelCustomCurve:
    serializedVersion: 2
    m_Curve:
    - time: 0
      value: 0
      inSlope: 0
      outSlope: 0
      tangentMode: 0
    m_PreInfinity: 2
    m_PostInfinity: 2
    m_RotationOrder: 0
  spreadCustomCurve:
    serializedVersion: 2
    m_Curve:
    - time: 0
      value: 0
      inSlope: 0
      outSlope: 0
      tangentMode: 0
    m_PreInfinity: 2
    m_PostInfinity: 2
    m_RotationOrder: 4
  reverbZoneMixCustomCurve:
    serializedVersion: 2
    m_Curve:
    - time: 0
      value: 1
      inSlope: 0
      outSlope: 0
      tangentMode: 0
    m_PreInfinity: 2
    m_PostInfinity: 2
    m_RotationOrder: 0
--- !u!1 &1041854749
GameObject:
  m_ObjectHideFlags: 0
  m_PrefabParentObject: {fileID: 0}
  m_PrefabInternal: {fileID: 0}
  serializedVersion: 4
  m_Component:
  - 4: {fileID: 1041854751}
  - 82: {fileID: 1041854750}
  m_Layer: 0
  m_Name: BGM
  m_TagString: Untagged
  m_Icon: {fileID: 0}
  m_NavMeshLayer: 0
  m_StaticEditorFlags: 0
  m_IsActive: 1
--- !u!82 &1041854750
AudioSource:
  m_ObjectHideFlags: 0
  m_PrefabParentObject: {fileID: 0}
  m_PrefabInternal: {fileID: 0}
  m_GameObject: {fileID: 1041854749}
  m_Enabled: 1
  serializedVersion: 4
  OutputAudioMixerGroup: {fileID: 0}
  m_audioClip: {fileID: 8300000, guid: 62c651a5ae4827b47a6eed2a9f2169ec, type: 3}
  m_PlayOnAwake: 1
  m_Volume: 0.8
  m_Pitch: 1
  Loop: 1
  Mute: 0
  Spatialize: 0
  Priority: 128
  DopplerLevel: 1
  MinDistance: 1
  MaxDistance: 500
  Pan2D: 0
  rolloffMode: 0
  BypassEffects: 0
  BypassListenerEffects: 0
  BypassReverbZones: 0
  rolloffCustomCurve:
    serializedVersion: 2
    m_Curve:
    - time: 0
      value: 1
      inSlope: 0
      outSlope: 0
      tangentMode: 0
    - time: 1
      value: 0
      inSlope: 0
      outSlope: 0
      tangentMode: 0
    m_PreInfinity: 2
    m_PostInfinity: 2
    m_RotationOrder: 4
  panLevelCustomCurve:
    serializedVersion: 2
    m_Curve:
    - time: 0
      value: 0
      inSlope: 0
      outSlope: 0
      tangentMode: 0
    m_PreInfinity: 2
    m_PostInfinity: 2
    m_RotationOrder: 0
  spreadCustomCurve:
    serializedVersion: 2
    m_Curve:
    - time: 0
      value: 0
      inSlope: 0
      outSlope: 0
      tangentMode: 0
    m_PreInfinity: 2
    m_PostInfinity: 2
    m_RotationOrder: 0
  reverbZoneMixCustomCurve:
    serializedVersion: 2
    m_Curve:
    - time: 0
      value: 1
      inSlope: 0
      outSlope: 0
      tangentMode: 0
    m_PreInfinity: 2
    m_PostInfinity: 2
    m_RotationOrder: 0
--- !u!4 &1041854751
Transform:
  m_ObjectHideFlags: 0
  m_PrefabParentObject: {fileID: 0}
  m_PrefabInternal: {fileID: 0}
  m_GameObject: {fileID: 1041854749}
  m_LocalRotation: {x: 0, y: 0, z: 0, w: 1}
  m_LocalPosition: {x: -1.226133, y: -0.0185165, z: 1}
  m_LocalScale: {x: 1, y: 1, z: 1}
  m_Children: []
  m_Father: {fileID: 0}
  m_RootOrder: 6
--- !u!1 &1169447273
GameObject:
  m_ObjectHideFlags: 0
  m_PrefabParentObject: {fileID: 0}
  m_PrefabInternal: {fileID: 0}
  serializedVersion: 4
  m_Component:
  - 4: {fileID: 1169447276}
  - 114: {fileID: 1169447275}
  - 114: {fileID: 1169447274}
  m_Layer: 0
  m_Name: EventSystem
  m_TagString: Untagged
  m_Icon: {fileID: 0}
  m_NavMeshLayer: 0
  m_StaticEditorFlags: 0
  m_IsActive: 1
--- !u!114 &1169447274
MonoBehaviour:
  m_ObjectHideFlags: 0
  m_PrefabParentObject: {fileID: 0}
  m_PrefabInternal: {fileID: 0}
  m_GameObject: {fileID: 1169447273}
  m_Enabled: 1
  m_EditorHideFlags: 0
  m_Script: {fileID: 1077351063, guid: f5f67c52d1564df4a8936ccd202a3bd8, type: 3}
  m_Name: 
  m_EditorClassIdentifier: 
  m_HorizontalAxis: Horizontal
  m_VerticalAxis: Vertical
  m_SubmitButton: Submit
  m_CancelButton: Cancel
  m_InputActionsPerSecond: 10
  m_RepeatDelay: 0.5
  m_ForceModuleActive: 0
--- !u!114 &1169447275
MonoBehaviour:
  m_ObjectHideFlags: 0
  m_PrefabParentObject: {fileID: 0}
  m_PrefabInternal: {fileID: 0}
  m_GameObject: {fileID: 1169447273}
  m_Enabled: 1
  m_EditorHideFlags: 0
  m_Script: {fileID: -619905303, guid: f5f67c52d1564df4a8936ccd202a3bd8, type: 3}
  m_Name: 
  m_EditorClassIdentifier: 
  m_FirstSelected: {fileID: 0}
  m_sendNavigationEvents: 1
  m_DragThreshold: 5
--- !u!4 &1169447276
Transform:
  m_ObjectHideFlags: 0
  m_PrefabParentObject: {fileID: 0}
  m_PrefabInternal: {fileID: 0}
  m_GameObject: {fileID: 1169447273}
  m_LocalRotation: {x: 0, y: 0, z: 0, w: 1}
  m_LocalPosition: {x: 0, y: 0, z: 0}
  m_LocalScale: {x: 1, y: 1, z: 1}
  m_Children: []
  m_Father: {fileID: 0}
  m_RootOrder: 4
--- !u!1001 &1700205219
Prefab:
  m_ObjectHideFlags: 0
  serializedVersion: 2
  m_Modification:
    m_TransformParent: {fileID: 0}
    m_Modifications:
    - target: {fileID: 489880, guid: 843c50a6765a275409dafc41a5971fa5, type: 2}
      propertyPath: m_LocalPosition.x
      value: 4.9
      objectReference: {fileID: 0}
    - target: {fileID: 489880, guid: 843c50a6765a275409dafc41a5971fa5, type: 2}
      propertyPath: m_LocalPosition.y
      value: -2.36
      objectReference: {fileID: 0}
    - target: {fileID: 489880, guid: 843c50a6765a275409dafc41a5971fa5, type: 2}
      propertyPath: m_LocalPosition.z
      value: 0
      objectReference: {fileID: 0}
    - target: {fileID: 489880, guid: 843c50a6765a275409dafc41a5971fa5, type: 2}
      propertyPath: m_LocalRotation.x
      value: 0
      objectReference: {fileID: 0}
    - target: {fileID: 489880, guid: 843c50a6765a275409dafc41a5971fa5, type: 2}
      propertyPath: m_LocalRotation.y
      value: 0
      objectReference: {fileID: 0}
    - target: {fileID: 489880, guid: 843c50a6765a275409dafc41a5971fa5, type: 2}
      propertyPath: m_LocalRotation.z
      value: 0
      objectReference: {fileID: 0}
    - target: {fileID: 489880, guid: 843c50a6765a275409dafc41a5971fa5, type: 2}
      propertyPath: m_LocalRotation.w
      value: 1
      objectReference: {fileID: 0}
    - target: {fileID: 489880, guid: 843c50a6765a275409dafc41a5971fa5, type: 2}
      propertyPath: m_RootOrder
      value: 0
      objectReference: {fileID: 0}
    - target: {fileID: 464818, guid: 843c50a6765a275409dafc41a5971fa5, type: 2}
      propertyPath: m_RootOrder
      value: 0
      objectReference: {fileID: 0}
    - target: {fileID: 420936, guid: 843c50a6765a275409dafc41a5971fa5, type: 2}
      propertyPath: m_RootOrder
      value: 1
      objectReference: {fileID: 0}
    - target: {fileID: 458102, guid: 843c50a6765a275409dafc41a5971fa5, type: 2}
      propertyPath: m_RootOrder
      value: 2
      objectReference: {fileID: 0}
    - target: {fileID: 485396, guid: 843c50a6765a275409dafc41a5971fa5, type: 2}
      propertyPath: m_RootOrder
      value: 3
      objectReference: {fileID: 0}
    - target: {fileID: 446230, guid: 843c50a6765a275409dafc41a5971fa5, type: 2}
      propertyPath: m_RootOrder
      value: 4
      objectReference: {fileID: 0}
    m_RemovedComponents: []
  m_ParentPrefab: {fileID: 100100000, guid: 843c50a6765a275409dafc41a5971fa5, type: 2}
  m_IsPrefabParent: 0
--- !u!1001 &1748060802
Prefab:
  m_ObjectHideFlags: 0
  serializedVersion: 2
  m_Modification:
    m_TransformParent: {fileID: 0}
    m_Modifications:
    - target: {fileID: 22494440, guid: 4857f8df7f2829943a8f5efaf31f7af8, type: 2}
      propertyPath: m_LocalPosition.x
      value: 0
      objectReference: {fileID: 0}
    - target: {fileID: 22494440, guid: 4857f8df7f2829943a8f5efaf31f7af8, type: 2}
      propertyPath: m_LocalPosition.y
      value: 0
      objectReference: {fileID: 0}
    - target: {fileID: 22494440, guid: 4857f8df7f2829943a8f5efaf31f7af8, type: 2}
      propertyPath: m_LocalPosition.z
      value: 0
      objectReference: {fileID: 0}
    - target: {fileID: 22494440, guid: 4857f8df7f2829943a8f5efaf31f7af8, type: 2}
      propertyPath: m_LocalRotation.x
      value: 0
      objectReference: {fileID: 0}
    - target: {fileID: 22494440, guid: 4857f8df7f2829943a8f5efaf31f7af8, type: 2}
      propertyPath: m_LocalRotation.y
      value: 0
      objectReference: {fileID: 0}
    - target: {fileID: 22494440, guid: 4857f8df7f2829943a8f5efaf31f7af8, type: 2}
      propertyPath: m_LocalRotation.z
      value: 0
      objectReference: {fileID: 0}
    - target: {fileID: 22494440, guid: 4857f8df7f2829943a8f5efaf31f7af8, type: 2}
      propertyPath: m_LocalRotation.w
      value: 1
      objectReference: {fileID: 0}
    - target: {fileID: 22494440, guid: 4857f8df7f2829943a8f5efaf31f7af8, type: 2}
      propertyPath: m_RootOrder
      value: 1
      objectReference: {fileID: 0}
    - target: {fileID: 22494440, guid: 4857f8df7f2829943a8f5efaf31f7af8, type: 2}
      propertyPath: m_AnchoredPosition.x
      value: 0
      objectReference: {fileID: 0}
    - target: {fileID: 22494440, guid: 4857f8df7f2829943a8f5efaf31f7af8, type: 2}
      propertyPath: m_AnchoredPosition.y
      value: 0
      objectReference: {fileID: 0}
    - target: {fileID: 22494440, guid: 4857f8df7f2829943a8f5efaf31f7af8, type: 2}
      propertyPath: m_SizeDelta.x
      value: 0
      objectReference: {fileID: 0}
    - target: {fileID: 22494440, guid: 4857f8df7f2829943a8f5efaf31f7af8, type: 2}
      propertyPath: m_SizeDelta.y
      value: 0
      objectReference: {fileID: 0}
    - target: {fileID: 22494440, guid: 4857f8df7f2829943a8f5efaf31f7af8, type: 2}
      propertyPath: m_AnchorMin.x
      value: 0
      objectReference: {fileID: 0}
    - target: {fileID: 22494440, guid: 4857f8df7f2829943a8f5efaf31f7af8, type: 2}
      propertyPath: m_AnchorMin.y
      value: 0
      objectReference: {fileID: 0}
    - target: {fileID: 22494440, guid: 4857f8df7f2829943a8f5efaf31f7af8, type: 2}
      propertyPath: m_AnchorMax.x
      value: 0
      objectReference: {fileID: 0}
    - target: {fileID: 22494440, guid: 4857f8df7f2829943a8f5efaf31f7af8, type: 2}
      propertyPath: m_AnchorMax.y
      value: 0
      objectReference: {fileID: 0}
    - target: {fileID: 22494440, guid: 4857f8df7f2829943a8f5efaf31f7af8, type: 2}
      propertyPath: m_Pivot.x
      value: 0
      objectReference: {fileID: 0}
    - target: {fileID: 22494440, guid: 4857f8df7f2829943a8f5efaf31f7af8, type: 2}
      propertyPath: m_Pivot.y
      value: 0
      objectReference: {fileID: 0}
    - target: {fileID: 11483518, guid: 4857f8df7f2829943a8f5efaf31f7af8, type: 2}
      propertyPath: player
      value: 
      objectReference: {fileID: 439486051}
    - target: {fileID: 11497866, guid: 4857f8df7f2829943a8f5efaf31f7af8, type: 2}
      propertyPath: player
      value: 
      objectReference: {fileID: 1903227089}
    - target: {fileID: 11455314, guid: 4857f8df7f2829943a8f5efaf31f7af8, type: 2}
      propertyPath: BGM
      value: 
      objectReference: {fileID: 1041854749}
    - target: {fileID: 22445628, guid: 4857f8df7f2829943a8f5efaf31f7af8, type: 2}
      propertyPath: m_SizeDelta.y
      value: 468
      objectReference: {fileID: 0}
    - target: {fileID: 181922, guid: 4857f8df7f2829943a8f5efaf31f7af8, type: 2}
      propertyPath: m_IsActive
      value: 0
      objectReference: {fileID: 0}
    - target: {fileID: 140708, guid: 4857f8df7f2829943a8f5efaf31f7af8, type: 2}
      propertyPath: m_IsActive
      value: 0
      objectReference: {fileID: 0}
    - target: {fileID: 124952, guid: 4857f8df7f2829943a8f5efaf31f7af8, type: 2}
      propertyPath: m_IsActive
      value: 0
      objectReference: {fileID: 0}
    - target: {fileID: 138604, guid: 4857f8df7f2829943a8f5efaf31f7af8, type: 2}
      propertyPath: m_IsActive
      value: 0
      objectReference: {fileID: 0}
    - target: {fileID: 152184, guid: 4857f8df7f2829943a8f5efaf31f7af8, type: 2}
      propertyPath: m_IsActive
      value: 0
      objectReference: {fileID: 0}
    - target: {fileID: 177050, guid: 4857f8df7f2829943a8f5efaf31f7af8, type: 2}
      propertyPath: m_IsActive
      value: 0
      objectReference: {fileID: 0}
    - target: {fileID: 22445628, guid: 4857f8df7f2829943a8f5efaf31f7af8, type: 2}
      propertyPath: m_AnchorMax.x
      value: 1
      objectReference: {fileID: 0}
    - target: {fileID: 22445628, guid: 4857f8df7f2829943a8f5efaf31f7af8, type: 2}
      propertyPath: m_AnchorMax.y
      value: 1
      objectReference: {fileID: 0}
    - target: {fileID: 22400012, guid: 4857f8df7f2829943a8f5efaf31f7af8, type: 2}
      propertyPath: m_AnchoredPosition.y
      value: -220
      objectReference: {fileID: 0}
    - target: {fileID: 22430416, guid: 4857f8df7f2829943a8f5efaf31f7af8, type: 2}
      propertyPath: m_AnchoredPosition.y
      value: -220
      objectReference: {fileID: 0}
    - target: {fileID: 22400012, guid: 4857f8df7f2829943a8f5efaf31f7af8, type: 2}
      propertyPath: m_AnchoredPosition.x
      value: -152
      objectReference: {fileID: 0}
    - target: {fileID: 22430416, guid: 4857f8df7f2829943a8f5efaf31f7af8, type: 2}
      propertyPath: m_AnchoredPosition.x
      value: 176
      objectReference: {fileID: 0}
    - target: {fileID: 22429808, guid: 4857f8df7f2829943a8f5efaf31f7af8, type: 2}
      propertyPath: m_AnchoredPosition.y
      value: -1
      objectReference: {fileID: 0}
    - target: {fileID: 22495334, guid: 4857f8df7f2829943a8f5efaf31f7af8, type: 2}
      propertyPath: m_AnchoredPosition.y
      value: -1
      objectReference: {fileID: 0}
    - target: {fileID: 22429808, guid: 4857f8df7f2829943a8f5efaf31f7af8, type: 2}
      propertyPath: m_AnchoredPosition.x
      value: 72
      objectReference: {fileID: 0}
    - target: {fileID: 22495334, guid: 4857f8df7f2829943a8f5efaf31f7af8, type: 2}
      propertyPath: m_AnchoredPosition.x
      value: 72
      objectReference: {fileID: 0}
    - target: {fileID: 22429808, guid: 4857f8df7f2829943a8f5efaf31f7af8, type: 2}
      propertyPath: m_AnchorMin.x
      value: 0.5
      objectReference: {fileID: 0}
    - target: {fileID: 22429808, guid: 4857f8df7f2829943a8f5efaf31f7af8, type: 2}
      propertyPath: m_AnchorMin.y
      value: 0.5
      objectReference: {fileID: 0}
    - target: {fileID: 22429808, guid: 4857f8df7f2829943a8f5efaf31f7af8, type: 2}
      propertyPath: m_AnchorMax.x
      value: 0.5
      objectReference: {fileID: 0}
    - target: {fileID: 22429808, guid: 4857f8df7f2829943a8f5efaf31f7af8, type: 2}
      propertyPath: m_AnchorMax.y
      value: 0.5
      objectReference: {fileID: 0}
    - target: {fileID: 22429808, guid: 4857f8df7f2829943a8f5efaf31f7af8, type: 2}
      propertyPath: m_SizeDelta.x
      value: 609.4
      objectReference: {fileID: 0}
    - target: {fileID: 22495334, guid: 4857f8df7f2829943a8f5efaf31f7af8, type: 2}
      propertyPath: m_AnchorMin.x
      value: 0.5
      objectReference: {fileID: 0}
    - target: {fileID: 22495334, guid: 4857f8df7f2829943a8f5efaf31f7af8, type: 2}
      propertyPath: m_AnchorMin.y
      value: 0.5
      objectReference: {fileID: 0}
    - target: {fileID: 22495334, guid: 4857f8df7f2829943a8f5efaf31f7af8, type: 2}
      propertyPath: m_AnchorMax.x
      value: 0.5
      objectReference: {fileID: 0}
    - target: {fileID: 22495334, guid: 4857f8df7f2829943a8f5efaf31f7af8, type: 2}
      propertyPath: m_AnchorMax.y
      value: 0.5
      objectReference: {fileID: 0}
    - target: {fileID: 22495334, guid: 4857f8df7f2829943a8f5efaf31f7af8, type: 2}
      propertyPath: m_SizeDelta.x
      value: 609.4
      objectReference: {fileID: 0}
    - target: {fileID: 11485728, guid: 4857f8df7f2829943a8f5efaf31f7af8, type: 2}
      propertyPath: m_FontData.m_FontSize
      value: 30
      objectReference: {fileID: 0}
    - target: {fileID: 11485728, guid: 4857f8df7f2829943a8f5efaf31f7af8, type: 2}
      propertyPath: m_FontData.m_MinSize
      value: 3
      objectReference: {fileID: 0}
    - target: {fileID: 11420578, guid: 4857f8df7f2829943a8f5efaf31f7af8, type: 2}
      propertyPath: m_FontData.m_FontSize
      value: 30
      objectReference: {fileID: 0}
    - target: {fileID: 11420578, guid: 4857f8df7f2829943a8f5efaf31f7af8, type: 2}
      propertyPath: m_FontData.m_MinSize
      value: 3
      objectReference: {fileID: 0}
    m_RemovedComponents: []
  m_ParentPrefab: {fileID: 100100000, guid: 4857f8df7f2829943a8f5efaf31f7af8, type: 2}
  m_IsPrefabParent: 0
--- !u!1 &1896343960 stripped
GameObject:
  m_PrefabParentObject: {fileID: 146546, guid: 9e17828a1f854fe428e4033ac6404a3f, type: 2}
  m_PrefabInternal: {fileID: 1934847381}
--- !u!82 &1896343961
AudioSource:
  m_ObjectHideFlags: 0
  m_PrefabParentObject: {fileID: 0}
  m_PrefabInternal: {fileID: 0}
  m_GameObject: {fileID: 1896343960}
  m_Enabled: 1
  serializedVersion: 4
  OutputAudioMixerGroup: {fileID: 0}
  m_audioClip: {fileID: 8300000, guid: eb52bfb6396a47d4a941e9f391e5537a, type: 3}
  m_PlayOnAwake: 0
  m_Volume: 1
  m_Pitch: 1
  Loop: 0
  Mute: 0
  Spatialize: 0
  Priority: 128
  DopplerLevel: 1
  MinDistance: 1
  MaxDistance: 500
  Pan2D: 0
  rolloffMode: 0
  BypassEffects: 0
  BypassListenerEffects: 0
  BypassReverbZones: 0
  rolloffCustomCurve:
    serializedVersion: 2
    m_Curve:
    - time: 0
      value: 1
      inSlope: 0
      outSlope: 0
      tangentMode: 0
    - time: 1
      value: 0
      inSlope: 0
      outSlope: 0
      tangentMode: 0
    m_PreInfinity: 2
    m_PostInfinity: 2
    m_RotationOrder: 4
  panLevelCustomCurve:
    serializedVersion: 2
    m_Curve:
    - time: 0
      value: 0
      inSlope: 0
      outSlope: 0
      tangentMode: 0
    m_PreInfinity: 2
    m_PostInfinity: 2
    m_RotationOrder: 0
  spreadCustomCurve:
    serializedVersion: 2
    m_Curve:
    - time: 0
      value: 0
      inSlope: 0
      outSlope: 0
      tangentMode: 0
    m_PreInfinity: 2
    m_PostInfinity: 2
    m_RotationOrder: 4
  reverbZoneMixCustomCurve:
    serializedVersion: 2
    m_Curve:
    - time: 0
      value: 1
      inSlope: 0
      outSlope: 0
      tangentMode: 0
    m_PreInfinity: 2
    m_PostInfinity: 2
    m_RotationOrder: 0
--- !u!114 &1903227089 stripped
MonoBehaviour:
  m_PrefabParentObject: {fileID: 11454968, guid: 1fa1b56dee0eb3647ada9523659697d8,
    type: 2}
  m_PrefabInternal: {fileID: 2080579386}
  m_Script: {fileID: 11500000, guid: f16ff045bf2795040bd95d6562443564, type: 3}
--- !u!1001 &1934847381
Prefab:
  m_ObjectHideFlags: 0
  serializedVersion: 2
  m_Modification:
    m_TransformParent: {fileID: 0}
    m_Modifications:
    - target: {fileID: 454922, guid: 9e17828a1f854fe428e4033ac6404a3f, type: 2}
      propertyPath: m_LocalPosition.x
      value: -0.14095047
      objectReference: {fileID: 0}
    - target: {fileID: 454922, guid: 9e17828a1f854fe428e4033ac6404a3f, type: 2}
      propertyPath: m_LocalPosition.y
      value: 0.532247
      objectReference: {fileID: 0}
    - target: {fileID: 454922, guid: 9e17828a1f854fe428e4033ac6404a3f, type: 2}
      propertyPath: m_LocalPosition.z
      value: 1
      objectReference: {fileID: 0}
    - target: {fileID: 454922, guid: 9e17828a1f854fe428e4033ac6404a3f, type: 2}
      propertyPath: m_LocalRotation.x
      value: 0
      objectReference: {fileID: 0}
    - target: {fileID: 454922, guid: 9e17828a1f854fe428e4033ac6404a3f, type: 2}
      propertyPath: m_LocalRotation.y
      value: 0
      objectReference: {fileID: 0}
    - target: {fileID: 454922, guid: 9e17828a1f854fe428e4033ac6404a3f, type: 2}
      propertyPath: m_LocalRotation.z
      value: 0
      objectReference: {fileID: 0}
    - target: {fileID: 454922, guid: 9e17828a1f854fe428e4033ac6404a3f, type: 2}
      propertyPath: m_LocalRotation.w
      value: 1
      objectReference: {fileID: 0}
    - target: {fileID: 454922, guid: 9e17828a1f854fe428e4033ac6404a3f, type: 2}
      propertyPath: m_RootOrder
      value: 2
      objectReference: {fileID: 0}
    - target: {fileID: 11445568, guid: 9e17828a1f854fe428e4033ac6404a3f, type: 2}
      propertyPath: player
      value: 
      objectReference: {fileID: 439486051}
    - target: {fileID: 11423496, guid: 9e17828a1f854fe428e4033ac6404a3f, type: 2}
      propertyPath: player
      value: 
      objectReference: {fileID: 1903227089}
    - target: {fileID: 21241866, guid: 9e17828a1f854fe428e4033ac6404a3f, type: 2}
      propertyPath: m_Sprite
      value: 
      objectReference: {fileID: 21300000, guid: 096a6a00681ac0849b5e6f953f48624d,
        type: 3}
    - target: {fileID: 10809710, guid: 9e17828a1f854fe428e4033ac6404a3f, type: 2}
      propertyPath: m_Intensity
      value: 1.2
      objectReference: {fileID: 0}
    m_RemovedComponents: []
  m_ParentPrefab: {fileID: 100100000, guid: 9e17828a1f854fe428e4033ac6404a3f, type: 2}
  m_IsPrefabParent: 0
--- !u!1001 &2080579386
Prefab:
  m_ObjectHideFlags: 0
  serializedVersion: 2
  m_Modification:
    m_TransformParent: {fileID: 0}
    m_Modifications:
    - target: {fileID: 469810, guid: 1fa1b56dee0eb3647ada9523659697d8, type: 2}
      propertyPath: m_LocalPosition.x
      value: -4.85
      objectReference: {fileID: 0}
    - target: {fileID: 469810, guid: 1fa1b56dee0eb3647ada9523659697d8, type: 2}
      propertyPath: m_LocalPosition.y
      value: 1.028
      objectReference: {fileID: 0}
    - target: {fileID: 469810, guid: 1fa1b56dee0eb3647ada9523659697d8, type: 2}
      propertyPath: m_LocalPosition.z
      value: 0
      objectReference: {fileID: 0}
    - target: {fileID: 469810, guid: 1fa1b56dee0eb3647ada9523659697d8, type: 2}
      propertyPath: m_LocalRotation.x
      value: 0
      objectReference: {fileID: 0}
    - target: {fileID: 469810, guid: 1fa1b56dee0eb3647ada9523659697d8, type: 2}
      propertyPath: m_LocalRotation.y
      value: 0
      objectReference: {fileID: 0}
    - target: {fileID: 469810, guid: 1fa1b56dee0eb3647ada9523659697d8, type: 2}
      propertyPath: m_LocalRotation.z
      value: 0
      objectReference: {fileID: 0}
    - target: {fileID: 469810, guid: 1fa1b56dee0eb3647ada9523659697d8, type: 2}
      propertyPath: m_LocalRotation.w
      value: 1
      objectReference: {fileID: 0}
    - target: {fileID: 469810, guid: 1fa1b56dee0eb3647ada9523659697d8, type: 2}
      propertyPath: m_RootOrder
      value: 3
      objectReference: {fileID: 0}
    m_RemovedComponents: []
  m_ParentPrefab: {fileID: 100100000, guid: 1fa1b56dee0eb3647ada9523659697d8, type: 2}
  m_IsPrefabParent: 0
--- !u!1 &2118696247
GameObject:
  m_ObjectHideFlags: 0
  m_PrefabParentObject: {fileID: 0}
  m_PrefabInternal: {fileID: 0}
  serializedVersion: 4
  m_Component:
  - 4: {fileID: 2118696252}
  - 20: {fileID: 2118696251}
  - 92: {fileID: 2118696250}
  - 124: {fileID: 2118696249}
  - 81: {fileID: 2118696248}
  - 114: {fileID: 2118696254}
  - 114: {fileID: 2118696255}
  m_Layer: 0
  m_Name: Main Camera
  m_TagString: MainCamera
  m_Icon: {fileID: 0}
  m_NavMeshLayer: 0
  m_StaticEditorFlags: 0
  m_IsActive: 1
--- !u!81 &2118696248
AudioListener:
  m_ObjectHideFlags: 0
  m_PrefabParentObject: {fileID: 0}
  m_PrefabInternal: {fileID: 0}
  m_GameObject: {fileID: 2118696247}
  m_Enabled: 1
--- !u!124 &2118696249
Behaviour:
  m_ObjectHideFlags: 0
  m_PrefabParentObject: {fileID: 0}
  m_PrefabInternal: {fileID: 0}
  m_GameObject: {fileID: 2118696247}
  m_Enabled: 1
--- !u!92 &2118696250
Behaviour:
  m_ObjectHideFlags: 0
  m_PrefabParentObject: {fileID: 0}
  m_PrefabInternal: {fileID: 0}
  m_GameObject: {fileID: 2118696247}
  m_Enabled: 1
--- !u!20 &2118696251
Camera:
  m_ObjectHideFlags: 0
  m_PrefabParentObject: {fileID: 0}
  m_PrefabInternal: {fileID: 0}
  m_GameObject: {fileID: 2118696247}
  m_Enabled: 1
  serializedVersion: 2
  m_ClearFlags: 1
  m_BackGroundColor: {r: 0, g: 0, b: 0, a: 0.019607844}
  m_NormalizedViewPortRect:
    serializedVersion: 2
    x: 0
    y: 0
    width: 1
    height: 1
  near clip plane: 0.3
  far clip plane: 1000
  field of view: 60
  orthographic: 1
  orthographic size: 5
  m_Depth: -1
  m_CullingMask:
    serializedVersion: 2
    m_Bits: 4294967295
  m_RenderingPath: -1
  m_TargetTexture: {fileID: 0}
  m_TargetDisplay: 0
  m_TargetEye: 3
  m_HDR: 0
  m_OcclusionCulling: 1
  m_StereoConvergence: 10
  m_StereoSeparation: 0.022
  m_StereoMirrorMode: 0
--- !u!4 &2118696252
Transform:
  m_ObjectHideFlags: 0
  m_PrefabParentObject: {fileID: 0}
  m_PrefabInternal: {fileID: 0}
  m_GameObject: {fileID: 2118696247}
  m_LocalRotation: {x: 0, y: 0, z: 0, w: 1}
  m_LocalPosition: {x: 0, y: 0, z: -10}
  m_LocalScale: {x: 1, y: 1, z: 1}
  m_Children: []
  m_Father: {fileID: 0}
  m_RootOrder: 5
--- !u!114 &2118696254
MonoBehaviour:
  m_ObjectHideFlags: 0
  m_PrefabParentObject: {fileID: 0}
  m_PrefabInternal: {fileID: 0}
  m_GameObject: {fileID: 2118696247}
  m_Enabled: 1
  m_EditorHideFlags: 0
  m_Script: {fileID: 11500000, guid: 7fceaeb339b971b429c4cc600acabd13, type: 3}
  m_Name: 
  m_EditorClassIdentifier: 
  tweakMode: 0
  screenBlendMode: 0
  hdr: 2
  sepBlurSpread: 2.5
  quality: 1
  bloomIntensity: 0.5
  bloomThreshold: 0.6
  bloomThresholdColor: {r: 1, g: 1, b: 1, a: 1}
  bloomBlurIterations: 2
  hollywoodFlareBlurIterations: 2
  flareRotation: 0
  lensflareMode: 1
  hollyStretchWidth: 2.5
  lensflareIntensity: 0
  lensflareThreshold: 0.3
  lensFlareSaturation: 0.75
  flareColorA: {r: 0.4, g: 0.4, b: 0.8, a: 0.75}
  flareColorB: {r: 0.4, g: 0.8, b: 0.8, a: 0.75}
  flareColorC: {r: 0.8, g: 0.4, b: 0.8, a: 0.75}
  flareColorD: {r: 0.8, g: 0.4, b: 0, a: 0.75}
  lensFlareVignetteMask: {fileID: 2800000, guid: 95ef4804fe0be4c999ddaa383536cde8,
    type: 3}
  lensFlareShader: {fileID: 4800000, guid: 459fe69d2f6d74ddb92f04dbf45a866b, type: 3}
  screenBlendShader: {fileID: 4800000, guid: 7856cbff0a0ca45c787d5431eb805bb0, type: 3}
  blurAndFlaresShader: {fileID: 4800000, guid: be6e39cf196f146d5be72fbefb18ed75, type: 3}
  brightPassFilterShader: {fileID: 4800000, guid: 0aeaa4cb29f5d4e9c8455f04c8575c8c,
    type: 3}
--- !u!114 &2118696255
MonoBehaviour:
  m_ObjectHideFlags: 0
  m_PrefabParentObject: {fileID: 0}
  m_PrefabInternal: {fileID: 0}
  m_GameObject: {fileID: 2118696247}
  m_Enabled: 1
  m_EditorHideFlags: 0
  m_Script: {fileID: 11500000, guid: 1fd999d1b2cf94a45a5b0a47ce074bef, type: 3}
  m_Name: 
  m_EditorClassIdentifier: 
  redChannel:
    serializedVersion: 2
    m_Curve:
    - time: 0
      value: 0
      inSlope: 0
      outSlope: 0
      tangentMode: 0
    - time: 1
      value: 1
      inSlope: 0
      outSlope: 0
      tangentMode: 0
    m_PreInfinity: 2
    m_PostInfinity: 2
    m_RotationOrder: 4
  greenChannel:
    serializedVersion: 2
    m_Curve:
    - time: 0
      value: 0
      inSlope: 0
      outSlope: 0
      tangentMode: 0
    - time: 1
      value: 1
      inSlope: 0
      outSlope: 0
      tangentMode: 0
    m_PreInfinity: 2
    m_PostInfinity: 2
    m_RotationOrder: 4
  blueChannel:
    serializedVersion: 2
    m_Curve:
    - time: 0
      value: 0
      inSlope: 0
      outSlope: 0
      tangentMode: 0
    - time: 1
      value: 1
      inSlope: 0
      outSlope: 0
      tangentMode: 0
    m_PreInfinity: 2
    m_PostInfinity: 2
    m_RotationOrder: 4
  useDepthCorrection: 0
  zCurve:
    serializedVersion: 2
    m_Curve:
    - time: 0
      value: 0
      inSlope: 0
      outSlope: 0
      tangentMode: 0
    - time: 1
      value: 1
      inSlope: 0
      outSlope: 0
      tangentMode: 0
    m_PreInfinity: 2
    m_PostInfinity: 2
    m_RotationOrder: 4
  depthRedChannel:
    serializedVersion: 2
    m_Curve:
    - time: 0
      value: 0
      inSlope: 0
      outSlope: 0
      tangentMode: 0
    - time: 1
      value: 1
      inSlope: 0
      outSlope: 0
      tangentMode: 0
    m_PreInfinity: 2
    m_PostInfinity: 2
    m_RotationOrder: 4
  depthGreenChannel:
    serializedVersion: 2
    m_Curve:
    - time: 0
      value: 0
      inSlope: 0
      outSlope: 0
      tangentMode: 0
    - time: 1
      value: 1
      inSlope: 0
      outSlope: 0
      tangentMode: 0
    m_PreInfinity: 2
    m_PostInfinity: 2
    m_RotationOrder: 4
  depthBlueChannel:
    serializedVersion: 2
    m_Curve:
    - time: 0
      value: 0
      inSlope: 0
      outSlope: 0
      tangentMode: 0
    - time: 1
      value: 1
      inSlope: 0
      outSlope: 0
      tangentMode: 0
    m_PreInfinity: 2
    m_PostInfinity: 2
    m_RotationOrder: 4
  saturation: 0.84
  selectiveCc: 0
  selectiveFromColor: {r: 1, g: 1, b: 1, a: 1}
  selectiveToColor: {r: 1, g: 1, b: 1, a: 1}
  mode: 0
  updateTextures: 1
  colorCorrectionCurvesShader: {fileID: 4800000, guid: 62bcade1028c24ca1a39760ed84b9487,
    type: 3}
  simpleColorCorrectionCurvesShader: {fileID: 4800000, guid: 438ddd58d82c84d9eb1fdc56111702e1,
    type: 3}
  colorCorrectionSelectiveShader: {fileID: 4800000, guid: e515e0f94cefc4c0db54b45cba621544,
    type: 3}
